@manual{iscsi,
 title = "{Internet Small Computer Systems Interface (iSCSI), RFC 3720}",
 author = {J. Satran and K. Meth and C. Sapuntzakis and M. Chadalapaka and E. Zeidner},
 year = {2004},
 howpublished = {RFC},
} 

@misc{lvm,
author = {A. J. Lewis},
title = "{LVM HOWTO}",
howpublished = {Online},
note={\url{{http://www.tldp.org/HOWTO/LVM-HOWTO/}}. Accessed May 8, 2015},
}

@misc{google-live-migration,
author = {Miche Baker-Harvey},
title = "{Google Compute Engine uses Live Migration technology to service infrastructure without application downtime}",
howpublished = {Online},
note={\url{{http://googlecloudplatform.blogspot.com/2015/03/Google-Compute-Engine-uses-Live-Migration-technology-to-service-infrastructure-without-application-downtime.html}}. Accessed May 1, 2015},
}

@misc{xen-art-of-virtualization-revisited,
author = {Ian Pratt},
title = "{Xen and the Art of Virtualization Revisited}",
howpublished = {Online},
note={\url{{https://www.usenix.org/legacy/events/nsdi08/tech/pratt.pdf}}. Accessed May 1, 2015},
}

@misc{azure,
author = {Microsoft},
title = "{Microsoft Azure}",
howpublished = {Online},
note={\url{{http://azure.microsoft.com}}. Accessed May 1, 2015},
}

@TECHREPORT{zfs,
    author = {Jeff Bonwick and Matt Ahrens and Val Henson and Mark Maybee and Mark Shellenbaum},
    title = "{The Zettabyte File System}",
    institution = {University of California, Santa Cruz},
    year = {2003}
}

@article{outperforming-LRU,
 author = {Megiddo, Nimrod and Modha, Dharmendra S.},
 title = "{Outperforming LRU with an Adaptive Replacement Cache Algorithm}",
 journal = {Computer},
 volume = {37},
 number = {4},
 year = {2004},
 pages = {58--65},
} 

@misc{snia-iotta-repo,
author = {SNIA IOTTA TWG},
title = "{Storage Networking Industry Association's Input/Output Traces, Tools, and Analysis repository}",
howpublished = {Online},
note={\url{{http://iotta.snia.org/traces}}. Accessed Mar 3, 2015},
}

@misc{kernel-src,
author = {Linux Kernel Organization, Inc.},
title = "{The Linux Kernel Archives}",
howpublished = {Website},
note={\url{{https://www.kernel.org/}}. Accessed Mar 3, 2015},
}

@misc{am-utils,
author = {Erez Zadok},
title = "{The Berkeley Automounter Suite of Utilities}",
howpublished = {Website},
note={\url{{http://www.am-utils.org/}}. Accessed Apr 23, 2015},
}

@misc{gcc-src,
author = {GCC team},
title = "{GCC Releases}",
howpublished = {Website},
note={\url{{https://www.gnu.org/software/gcc/releases.html}}. Accessed Apr 23, 2015},
}

@misc{emacs,
author = {Free Software Foundation, Inc.},
title = "{GNU Emacs}",
howpublished = {Website},
note={\url{{https://www.gnu.org/software/emacs/}}. Accessed Apr 23, 2015},
}

@misc{cloudsuite,
author = {EPFL PARSA},
title = "{CloudSuite}",
howpublished = {Online},
note={\url{{http://parsa.epfl.ch/cloudsuite/cloudsuite.html}}. Accessed Apr 23, 2015},
}
h

@misc{iptables,
author = {Rusty Russell},
title = "{iptables---Linux man page}",
howpublished = {Online},
note={\url{{http://linux.die.net/man/8/iptables}}. Accessed Mar 3, 2015},
}


@misc{umass-repo,
author = {Laboratory for Advanced Software Systems, UMass},
title = "{UMass Trace Repository}",
howpublished = {Online},
note={\url{{http://traces.cs.umass.edu/}}. Accessed Jan 5, 2015},
}

@misc{hplabs-repo,
author = {HP Labs},
title = "{Open Source software at tesla.hpl.hp.com}",
howpublished = {Online},
note={\url{{http://tesla.hpl.hp.com/opensource/}. Accessed Jan 5, 2015}},
}

@misc{ita-repo,
author = {Peter Danzig and Jeff Mogul and Vern Paxson and Mike Schwartz},
title = "{Internet Traffic Archive}",
howpublished = {Online},
note={\url{{http://www.sigcomm.org/ITA/}}. Accessed Jan 5, 2015},
}

@misc{thoughtpolice-repo,
author = {Pink Sheep Industries},
title = "{Some VMware Images}",
howpublished = {Online},
note={\url{{http://www.thoughtpolice.co.uk/vmware/}}. Accessed Jan 5, 2015},
}

@misc{tpc,
author = {Transaction Processing Performance Council},
title = "{TPC Benchmarks}",
howpublished = {Online},
note={\url{{http://www.tpc.org/information/benchmarks.asp}}. Accessed Apr 23, 2015},
}

@misc{spec,
author = {SPEC},
title = "{Standard Performance Evaluation Corporation (SPEC)}",
howpublished = {Online},
note={\url{{http://www.spec.org/index.html}. Accessed Apr 23, 2015}},
}

@misc{nasa,
author = {NASA Advanced Supercomputing Division},
title = "{NAS Parallel Benchmarks}",
howpublished = {Online},
note={\url{{http://www.nas.nasa.gov/publications/npb.html}. Accessed Apr 23, 2015}},
}

@misc{hpcc,
author = {DARPA HPCS},
title = "{HPC Challenge Benchmark}",
howpublished = {Online},
note={\url{{http://icl.cs.utk.edu/hpcc/}. Accessed Apr 23, 2015}},
}

@misc{parsec,
author = {Princeton University},
title = "{PARSEC Benchmark}",
howpublished = {Online},
note={\url{{http://parsec.cs.princeton.edu/}. Accessed Apr 23, 2015}},
}

@misc{filebench,
author = "{Jim Mauro and Spencer Shepler and Vasily Tarasov}",
title = "{Filebench File System Benchmark}",
howpublished = {Online},
note={\url{{http://sourceforge.net/projects/filebench/}}. Accessed Jan 5, 2015},
}

@misc{p9-traces,
author = {Sean Quinlan},
title = "{Plan 9 File system traces}",
howpublished = {Online},
note={\url{{http://www.cs.bell-labs.com/who/seanq/p9trace.html}}. Accessed Jan 5, 2015},
}

@misc{animation-bear,
author = {HP Labs},
title = "{animation-bear dataset}",
howpublished = {Online},
note={\url{{http://apotheca.hpl.hp.com/pub/datasets/animation-bear/}}. Accessed Jan 5, 2015},
}

@misc{kernel-signaling,
author = {Ariane Keller},
title = "{Sending Signals from the Kernel to the User Space}",
howpublished = {Online},
note={\url{{http://people.ee.ethz.ch/~arkeller/linux/kernel_user_space_howto.html#s6}}. Accessed Jan 5, 2015},
}

@misc{pagecache,
author = {Robert Love},
title = "{Linux Kernel Development Second Edition}",
publisher = {Sams Publishing},
note={\url{{http://www.makelinux.net/books/lkd2/ch15}}. Accessed Jan 5, 2015},
}

@misc{debugfs,
author = {Jonathan Corbet},
title = "{Debugfs filesystem}",
howpublished = {Online},
note={\url{{https://www.kernel.org/doc/Documentation/filesystems/debugfs.txt}}. Accessed Apr 23, 2015},
}

@misc{kprobes,
author = "{Jim Keniston and Prasanna S Panchamukhi and Masami Hiramatsu}",
title = "{Kernel Probes (Kprobes)}",
howpublished = {Online},
note={\url{{https://www.kernel.org/doc/Documentation/kprobes.txt}}. Accessed Mar 3, 2015},
}

@misc{relayfs,
author = "{Michel Dagenais and Richard Moore and Bob Wisniewski and Karim Yaghmour and Tom Zanussi}",
title = "{Relayfs---A High-speed Data Relay Filesystem}",
howpublished = {Online},
note={\url{{http://relayfs.sourceforge.net/relayfs.txt}}. Accessed Jan 5, 2015},
}

@misc{uthash,
author = {Troy D. Hanson},
title = "{uthash: A Hash-table for C Structures}",
howpublished = {Online},
note={\url{{https://troydhanson.github.io/uthash/}}. Accessed Jan 5, 2015},
}

@inproceedings{enforcing-isolation,
 author = {Gupta, Diwaker and Cherkasova, Ludmila and Gardner, Rob and Vahdat, Amin},
 title = "{Enforcing Performance Isolation Across Virtual Machines in Xen}",
 booktitle = {Proceedings of the ACM/IFIP/USENIX International Conference on Middleware},
 series = {Middleware '06},
 year = {2006},
 pages = {342--362},
 numpages = {21},
} 

@inproceedings{ARC,
 author = {Megiddo, Nimrod and Modha, Dharmendra S.},
 title = "{ARC: A Self-Tuning, Low Overhead Replacement Cache}",
 booktitle = {Proceedings of the 2nd USENIX Conference on File and Storage Technologies (FAST)},
 year = {2003},
 pages = {115--130},
} 

@misc{bestpractices,
author = {IBM Corporation},
title = "Best Practices for KVM",
howpublished = {Online},
note={\url{{http://pic.dhe.ibm.com/infocenter/lnxinfo/v3r0m0/topic/liaat/liaatbestpractices\_pdf.pdf}}. Accessed Jan 5, 2015},
}

@inproceedings{my-cache-or-yours,
 author = {Wong, Theodore M. and Wilkes, John},
 title = "{My Cache or Yours? Making Storage More Exclusive}",
 booktitle = {Proceedings of the General Track of the USENIX Annual Technical Conference (ATC)},
 year = {2002},
 pages = {161--175},
} 

@inproceedings{intra-higherthan-inter,
 author = {Barker, Sean and Wood, Timothy and Shenoy, Prashant and Sitaraman, Ramesh},
 title = "{An Empirical Study of Memory Sharing in Virtual Machines}",
 booktitle = {Proceedings of the USENIX Conference on Annual Technical Conference (ATC)},
 year = {2012},
 pages = {25--25},
} 

@inproceedings{compare-by-hash,
 author = {Henson, Val},
 title = "{An Analysis of Compare-by-hash}",
 booktitle = {Proceedings of the 9th Workshop on Hot Topics in Operating Systems},
 year = {2003},
 pages = {13--18},
} 

@inproceedings{building,
 author = {Guo, Fanglu and Efstathopoulos, Petros},
 title = "{Building a High-performance Deduplication System}",
 booktitle = {Proceedings of the USENIX Annual Technical Conference (ATC)},
 year = {2011},
 pages = {271--284},
} 


@inproceedings{VMAR,
  author = {Shen, Zhiming and Zhang, Zhe and Kochut, Andrzej and Karve, Alexei and Chen, Han and Kim, Minkyong and Lei, Hui and Fuller, Nicholas},
  booktitle = {Proceedings of the ACM/IFIP/USENIX International Middleware Conference},
  pages = {183-203},
  title = "{VMAR: Optimizing I/O Performance and Resource Utilization in the Cloud.}",
  year = {2013},
}


@inproceedings{venti,
 author = {Quinlan, Sean and Dorward, Sean},
 title = "{Venti: A New Approach to Archival Data Storage}",
 booktitle = {Proceedings of the 1st USENIX Conference on File and Storage Technologies (FAST)},
 year = {2002},
} 

@inproceedings{capo,
 author = {Shamma, Mohammad and Meyer, Dutch T. and Wires, Jake and Ivanova, Maria and Hutchinson, Norman C. and Warfield, Andrew},
 title = "{Capo: Recapitulating Storage for Virtual Desktops}",
 booktitle = {Proceedings of the 9th USENIX Conference on File and Storage Technologies (FAST)},
 year = {2011},
 pages = {3--3},
} 

@INPROCEEDINGS{cooperative,
author={Min Li and Gaonkar, S. and Butt, A.R. and Kenchammana, D. and Voruganti, K.},
booktitle={Proceedings of the 20th International Symposium on Modeling, Analysis Simulation of Computer and Telecommunication Systems (MASCOTS)},
title="{Cooperative Storage-Level De-duplication for I/O Reduction in Virtualized Data Centers}",
year={2012},
pages={209-218},
}

@misc{gustavo-blogpost,
author = {Gustavo Duarte},
title = "What Your Computer Does While You Wait",
howpublished = {Online},
note={\url{{http://duartes.org/gustavo/blog/post/what-your-computer-does-while-you-wait}}. Accessed Apr 24, 2015},
}

@misc{storage-review,
author = {Eugene},
title = "Western Digital Caviar SE16 WD7500AAKS",
howpublished = {Online},
note={\url{{http://www.storagereview.com/western_digital_caviar_se16_wd7500aaks}}. Accessed Jan 5, 2015},
}

@inproceedings{google,
 author = {Brin, Sergey and Page, Lawrence},
 title = "{The Anatomy of a Large-scale Hypertextual Web Search Engine}",
 booktitle = {Proceedings of the 7th International Conference on World Wide Web (WWW)},
 year = {1998},
 pages = {107--117},
} 

@inproceedings{sha2,
 author = {Gueron, Shay and Johnson, Simon and Walker, Jesse},
 title = "{SHA-512/256}",
 booktitle = {Proceedings of the 8th International Conference on Information Technology: New Generations},
 year = {2011},
 pages = {354--358},
} 

@manual{sha1,
 title = "{US Secure Hash Algorithm 1 (SHA1)}",
 author = {Eastlake,3rd, D. and Jones, P.},
 year = {2001},
 howpublished = {RFC},
} 

@manual{md5,
 author = {Rivest, R.},
 title = "{The MD5 Message-Digest Algorithm}",
 year = {1992},
 howpublished = {RFC},
} 

@article{virtio,
 author = {Russell, Rusty},
 title = "{Virtio: Towards a De-facto Standard for Virtual I/O Devices}",
 journal = {SIGOPS Operating Systems Review},
 volume = {42},
 number = {5},
 year = {2008},
 pages = {95--103},
} 

@inproceedings{data-domain,
 author = {Zhu, Benjamin and Li, Kai and Patterson, Hugo},
 title = "{Avoiding the Disk Bottleneck in the Data Domain Deduplication File System}",
 booktitle = {Proceedings of the 6th USENIX Conference on File and Storage Technologies (FAST)},
 year = {2008},
 pages = {18:1--18:14},
} 


@inproceedings{idedup,
 author = {Srinivasan, Kiran and Bisson, Tim and Goodson, Garth and Voruganti, Kaladhar},
 title = "{iDedup: Latency-aware, Inline Data Deduplication for Primary Storage}",
 booktitle = {Proceedings of the 10th USENIX Conference on File and Storage Technologies (FAST)},
 year = {2012},
 pages = {299--312},
} 

@inproceedings{shredder,
 author = {Bhatotia, Pramod and Rodrigues, Rodrigo and Verma, Akshat},
 title = "{Shredder: GPU-accelerated Incremental Storage and Computation}",
 booktitle = {Proceedings of the 10th USENIX Conference on File and Storage Technologies (FAST)},
 year = {2012},
 pages = {14--14},
 }

@article{practical-dedup,
 author = {Meyer, Dutch T. and Bolosky, William J.},
 title = "{A Study of Practical Deduplication}",
 journal = {Trans. Storage},
 volume = {7},
 number = {4},
 year = {2012},
 pages = {14:1--14:20},
} 


@inproceedings{lbfs,
 author = {Muthitacharoen, Athicha and Chen, Benjie and Mazi\`{e}res, David},
 title = "{LBFS: A Low-bandwidth Network File System}",
 booktitle = {Proceedings of the 18th ACM Symposium on Operating Systems Principles (SOSP)},
 year = {2001},
 pages = {174--187},
} 

@Book{xen-internals,
title = "{The Definitive Guide to the Xen Hypervisor}",
publisher = {Prentice Hall},
year = {2008},
author = {David Chisnall},
}

@Book{xen-networking,
title = "{Understanding XenServer Networking - The Linux Perspective}",
publisher = {Citrix},
year = {2008},
author = {Olivier Withoff},
}


@Book{linux-networking,
title = "{Understanding Linux Network Internals}",
publisher = {O'Reilly},
year = {2005},
author = {Christian Benvenuti},
}

@inproceedings{qemu,
author = {Fabrice Bellard},
title = "{QEMU, a Fast and Portable Dynamic Translator}",
booktitle = {Proceedings of the USENIX Annual Technical Conference},
year = {2005},
pages = {41--41},
}

@misc{wikipedia-arc,
author = {wikipedia},
title = "Adaptive Replacement Cache",
howpublished = {Online},
note={\url{{http://en.wikipedia.org/wiki/Adaptive\_replacement\_cache}}. Accessed Apr 24, 2015},
}

@misc{svc,
author = {IBM Corporation},
title = "{IBM system storage SAN Volume Controller}",
howpublished = {Website},
note = {\url{http://www-03.ibm.com/systems/storage/software/virtualization/svc/}. Accessed Apr 24, 2015},
}

@misc{emc,
author = {EMC Corporation},
title = "{EMC Announces EMC Invista Network Storage Virtualization Platform}",
howpublished = {Website},
note = {\url{http://www.emc.com/about/news/press/us/2005/20050516-3130.htm}. Accessed Apr 24, 2015},
}

@misc{netapp,
author = {NetApp},
title = "{NetApp V-series of Heterogeneous Storage Environments}",
howpublished = {Website},
note = {\url{http://media.netapp.com/documents/v-series.pdf}. Accessed Apr 24, 2015},
}

@TechReport{netapp-alignment,
author = {Abhinav Joshi and Eric Forgette and Peter Learmonth and Jon Benedict},
title = "{Best Practices for File System Alignment in Virtual Environments}",
note = {\url{http://www.netapp.com/us/media/tr-3747.pdf}. Accessed Apr 23, 2015},
institution = {NetApp},
year = {2011},
month = {January},
}

@TechReport{oracle-alignment,
author = {Peter Brouwer},
title = "{Aligning Partitions to Maximize Storage Performance}",
note = {\url{http://www.oracle.com/technetwork/server-storage/sun-unified-storage/documentation/partitionalign-111512-1875560.pdf}. Accessed Apr 23, 2015},
institution = {Oracle},
year = {2012},
month = {November},
}

@misc{turnkey,
author = {A. Swartz and L. Siri.},
title = "{Turnkey Linux Virtual Appliance Library}",
howpublished = {Website},
note = {\url{http://www.turnkeylinux.org/}. Accessed Apr 24, 2015},
}

@misc{virt-alignment-scan,
author = {Richard W. M. Jones},
title = "{Ubuntu manuals virt-alignment-scan}",
howpublished = {Website},
note = {\url{http://manpages.ubuntu.com/manpages/precise/man1/virt-alignment-scan.1.html}. Accessed Apr 23, 2015},
}

@techreport{rabin,
	author={Michael O. Rabin},
	title = "{Fingerprinting by Random Polynomials}",
	institution={Center for Research in Computing Technology, Harvard University},
	year = {1981},
}

@inproceedings{similarity,
  author={K. R. Jayaram and Chunyi Peng and Zhe Zhang and Minkyong Kim and Han Chen and Hui Lei},
  title="{An Empirical Analysis of Similarity in Virtual Machine Images}",
  booktitle={Proceedings of the Middleware Industry Track Workshop},
  year={2011},
  pages={6:1--6:6},
}

@inproceedings{iodedup,
 author = {Ricardo Koller and Raju Rangaswami},
 title = "{I/O Deduplication: Utilizing Content Similarity to Improve I/O Performance}",
 booktitle = {Proceedings of the USENIX Conference on File and Storage Technologies},
 year = {2010},
 pages = {211--224},
 }

@inproceedings{vdn,
author = {Chunyi Peng and Minkyong Kim and Zhe Zhang and Hui Lei},
booktitle = {Proceedings of INFOCOM}, 
title = "{VDN: Virtual Machine Image Distribution Network for Cloud Data Centers}",
year = {2012},
pages = {181--189},
}

@inproceedings{xenoprof,
 author = {Menon, Aravind and Santos, Jose Renato and Turner, Yoshio and Janakiraman, G. (John) and Zwaenepoel, Willy},
 title = "{Diagnosing Performance Overheads in the Xen Virtual Machine Environment}",
 booktitle = {Proceedings of the 1st ACM/USENIX International Conference on Virtual Execution Environments (VEE)},
 year = {2005},
 pages = {13--23},
}

@inproceedings{xensocket,
 author = {Zhang, Xiaolan and McIntosh, Suzanne and Rohatgi, Pankaj and Griffin, John Linwood},
 title = "{XenSocket: a High-throughput Interdomain Transport for Virtual Machines}",
 booktitle = {Proceedings of the ACM/IFIP/USENIX 2007 International Conference on Middleware},
 year = {2007},
 pages = {184--203},
} 

@inproceedings{xenloop,
 author = {Wang, Jian and Wright, Kwame-Lante and Gopalan, Kartik},
 title = "{XenLoop: a Transparent High Performance Inter-VM Network Loopback}",
 booktitle = {Proceedings of the 17th International symposium on High performance distributed computing},
 year = {2008},
 pages = {109--118},
 }

@inproceedings{xway,
 author = {Kim, Kangho and Kim, Cheiyol and Jung, Sung-In and Shin, Hyun-Sup and Kim, Jin-Soo},
 title = "{Inter-domain Socket Communications Supporting High Performance and Full Binary Compatibility on Xen}",
 booktitle = {Proceedings of the 4th ACM SIGPLAN/SIGOPS International Conference on Virtual Execution Environments},
 year = {2008},
 pages = {11--20},
 }

@inproceedings{effectiveness,
 author = {Jin, Keren and Miller, Ethan L.},
 title = "{The Effectiveness of Deduplication on Virtual Machine Disk Images}",
 booktitle = {Proceedings of the Israeli Experimental Systems Conference SYSTOR},
 year = {2009},
 pages = {7:1--7:12},
 numpages = {12},
} 

@inproceedings{liveDFS,
 author = {Ng, Chun-Ho and Ma, Mingcao and Wong, Tsz-Yeung and Lee, Patrick P. C. and Lui, John C. S.},
 title = "{Live Deduplication Storage of Virtual Machine Images in an Open-source Cloud}",
 booktitle = {Proceedings of the 12th ACM/IFIP/USENIX International Conference on Middleware},
 year = {2011},
 pages = {81--100},
} 

@inproceedings{dede,
 author = {Clements, Austin T. and Ahmad, Irfan and Vilayannur, Murali and Li, Jinyuan},
 title = "{Decentralized Deduplication in SAN Cluster File Systems}",
 booktitle = {Proceedings of the Conference on USENIX Annual Technical Conference (ATC)},
 year = {2009},
 pages = {101--114},
} 

@inproceedings{satori,
 author = {Mi\l\'{o}s, Grzegorz and Murray, Derek G. and Hand, Steven and Fetterman, Michael A.},
 title = "{Satori: Enlightened Page Sharing}",
 booktitle = {Proceedings of the USENIX Annual Technical Conference (ATC)},
 year = {2009},
 pages = {1--14},
} 

@inproceedings{memorybuddies,
 author = {Wood, Timothy and Tarasuk-Levin, Gabriel and Shenoy, Prashant and Desnoyers, Peter and Cecchet, Emmanuel and Corner, Mark D.},
 title = "{Memory Buddies: Exploiting Page Sharing for Smart Colocation in Virtualized Data Centers}",
 booktitle = {Proceedings of the ACM SIGPLAN/SIGOPS International Conference on Virtual Execution Environments (VEE)},
 year = {2009},
 pages = {31--40},
} 

@inproceedings{singleton,
 author = {Sharma, Prateek and Kulkarni, Purushottam},
 title = "{Singleton: System-wide Page Deduplication in Virtual Environments}",
 booktitle = {Proceedings of the 21st International symposium on High-Performance Parallel and Distributed Computing (HPDC)},
 year = {2012},
 pages = {15--26},
} 

@inproceedings{profiling-and-modeling,
 author = {Wood, Timothy and Cherkasova, Ludmila and Ozonat, Kivanc and Shenoy, Prashant},
 title = "{Profiling and Modeling Resource Usage of Virtualized Applications}",
 booktitle = {Proceedings of the 9th ACM/IFIP/USENIX International Conference on Middleware},
 year = {2008},
 pages = {366--387},
 publisher = {Springer-Verlag New York, Inc.},
 address = {New York, NY, USA},
 }

@misc{iodedup-online,
author = {Ricardo Koller and Raju Rangaswamy},
title = "{Trace: I/O Deduplication: Utilizing Content Similarity to Improve I/O Performance}",
howpublished = {Website},
note = {\url{http://sylab-srv.cs.fiu.edu/doku.php?id=projects:iodedup:start}. Accessed Apr 24, 2011},
}

@misc{httperf2,
author = {HP Labs},
title = "{Httperf}",
howpublished = {Website},
note = {\url{http://www.hpl.hp.com/research/linux/httperf/}. Accessed Apr 24, 2015},
}

@misc{iogen,
author = {Marco Peereboom},
title = "{Iogen}",
howpublished = {Website},
note = {\url{http://linux.softpedia.com/get/Programming/Quality-Assurance-and-Testing/iogen-7894.shtml}. Accessed Apr 24, 2015},
}

@misc{iozone,
author = {William D. Norcott and Don Capps},
title = "{Iozone Filesystem Benchmark}",
howpublished = {Website},
note = {\url{http://www.iozone.org/}. Accessed Apr 24, 2015},
}

@misc{rugg,
author = {Rugg Developer Group},
title = "{Rugg: Flexible file system and hard drive crash testing}",
howpublished = {Website},
note = {\url{http://rugg.sourceforge.net/}. Accessed Apr 24, 2015},
}

@misc{lmbench,
author = {Larry McVoy and Carl Staelin},
title = "{LMbench - Tools for Performance Analysis}",
howpublished = {Website},
note = {\url{http://www.bitmover.com/lmbench/}. Accessed Apr 24, 2015},
}

@misc{vdbench,
author = {Henk Vandenbergh},
title = "{vdbench}",
howpublished = {Website},
note = {\url{http://sourceforge.net/projects/vdbench/}. Accessed Apr 24, 2015},
}

@misc{dbench,
author = {Andrew Tridgell and Ronnie Sahlberg},
title = "{DBENCH I/O storm}",
howpublished = {Website},
note = {\url{https://dbench.samba.org/}. Accessed Apr 24, 2015},
}

@misc{fio,
author = {axboe@kernel.dk},
title = "{fio}",
howpublished = {Website},
note = {\url{http://freshmeat.net/projects/fio/}. Accessed Apr 24, 2015},
}

@misc{iperf,
author = {NLANR/DAST},
title = "{Iperf}",
howpublished = {Website},
note = {\url{http://sourceforge.net/projects/iperf/}. Accessed Apr 24, 2015},
}

@misc{load,
author = {Masanori Itoh},
title = "{Load}",
howpublished = {Website},
note = {\url{http://sourceforge.net/projects/kusanagi/files/load/}. Accessed Apr 24, 2015},
}

@misc{lookbusy,
author = {Devin Carraway},
title = "{Lookbusy}",
howpublished = {Website},
note = {\url{http://www.devin.com/lookbusy/}. Accessed Apr 24, 2015},
}

@misc{stress,
author = {Amos Waterland},
title = "{Stress}",
howpublished = {Website},
note = {\url{http://weather.ou.edu/~apw/projects/stress/}. Accessed Apr 24, 2015},
}

@misc{fstress,
author = {Jeff Chase and Darrell Anderson},
title = "{Fstress}",
howpublished = {Website},
note = {\url{http://www.cs.duke.edu/ari/fstress/}. Accessed May 11, 2015},
}

@misc{bonnie,
author = {Russell Coker},
title = "{Bonnie++}",
howpublished = {Website},
note = {\url{http://www.coker.com.au/bonnie++/}. Accessed May 11, 2015},
}

@misc{iometer,
author = {Intel Corporation and Open Source Development Lab},
title = "{Iometer}",
howpublished = {Website},
note = {\url{http://www.iometer.org/}. Accessed Apr 24, 2015},
}

@misc{postmark,
author = {Charles P. Wright and Erez Zadok},
title = "{Postmark}",
howpublished = {Website},
note = {\url{http://www.filesystems.org/docs/auto-pilot/Postmark.html}. Accessed Apr 24, 2015},
}

@misc{zeros,
author = {Dimitris},
title = "{Beware of benchmarking storage that does inline compression}",
howpublished = {Website},
note = {\url{http://recoverymonkey.org/2013/02/25/beware-of-benchmarking-storage-that-does-inline-compression/}. Accessed May 11, 2015},
}

@misc{xentop,
author = {Xen Developer Community},
title = "{Xentop}",
howpublished = {Tool in Xen},
note = {\url{http://linux.die.net/man/1/xentop}. Accessed Apr 24, 2015},
}

@misc{top,
author = {Linux Developer Community},
title = "{Linux / Unix Command: top}",
howpublished = {Online},
note = {\url{http://linux.about.com/od/commands/l/blcmdl1_top.htm}. Accessed Apr 24, 2015},
}

@misc{sar,
author = {Sebastien Godard},
title = "{Sysstat}",
howpublished = {Website},
note = {\url{http://freshmeat.net/projects/sysstat/}. Accessed Jan 5, 2015},
}

@misc{libpcap,
author = {Bill Fenner and Guy Harris and Michael Richardson},
title = "{The Libpcap Project}",
howpublished = {Website},
note = {\url{http://sourceforge.net/projects/libpcap/}. Accessed Jan 5, 2015},
}

@inproceedings{capacity-management,
    author = {Daniel Gmach and Jerry Rolia and Ludmila Cherkasova and Alfons Kemper},
    title = "{Capacity Management and Demand Prediction for Next Generation Data Centers}",
    year = {2007},
    booktitle = {Proceedings of the International Conference on Web Services},
  pages = {43--50},
}

@INPROCEEDINGS{starling,
	author={Sonnek, J. and Greensky, J. and Reutiman, R. and Chandra, A.},
	booktitle={Proceedings of the 39th International Conference on Parallel Processing (ICPP)},
	title="{Starling: Minimizing Communication Overhead in Virtualized Computing Platforms Using Decentralized Affinity-Aware Migration}",
	year={2010},
	month={Sept},
	pages={228-237},
}

@techreport{starling-tr,
	author={Jason Sonnek and James Greensky and Robert Reutiman and Abhishek Chandra},
	title = "{Starling: Minimizing Communication Overhead in Virtualized Computing Platforms Using Decentralized Affinity-Aware Migration}",
	institution={University of Minnesota},
	year = {2009},
}

@article{capacity-planning,
  type={Accepted Paper Series},
  title="{Capacity Planning for Virtualized Servers}",
  author={Bichler, Martin and Setzer, Thomas and Speitkamp, Benjamin},
  journal={Workshop on Information Technologies and Systems (WITS), Milwaukee, Wisconsin, USA, 2006},
  publisher={SSRN},
  year = {2007},
}


@inproceedings{grouping-ga,
 author = {Shubham Agrawal and Sumit Kumar Bose and Srikanth Sundarrajan},
 title = "{Grouping Genetic Algorithm for Solving the Server Consolidation Problem with Conflicts}",
 booktitle = {Proceedings of the first ACM/SIGEVO Summit on Genetic and Evolutionary Computation},
 year = {2009},
 pages = {1--8},
 publisher = {ACM, New York, USA},
 }

@book{emerging-research-directions,
title = "{Emerging Research Directions in Computer Science : Contributions from the Young Informatics Faculty in Karlsruhe}",
author = {Pankratius, Victor},
publisher = {KIT Scientific Publishing},
year = {2010},
}

@article{two-stage-heuristic,
author = {Rohit Gupta and Sumit Kumar Bose and Srikanth Sundarrajan and Manogna Chebiyam and Anirban Chakrabarti},
title = "{A Two Stage Heuristic Algorithm for Solving the Server Consolidation Problem with Item-Item and Bin-Item Incompatibility Constraints}",
journal ={International Conference on Services Computing},
volume = {2},
year = {2008},
pages = {39-46},
}



@inproceedings{diagnosing-performance-overheads,
 author = {Menon, Aravind and Santos, Jose Renato and Turner, Yoshio and Janakiraman, G. (John) and Zwaenepoel, Willy},
 title = "{Diagnosing Performance Overheads in the Xen Virtual Machine Environment}",
 booktitle = {Proceedings of the 1st ACM/USENIX International Conference on Virtual Execution Environments (VEE)},
 year = {2005},
 pages = {13--23},
 publisher = {ACM},
 address = {New York, NY, USA},
 }

@techreport{performance-eval,
    author = {Padala, Padala and Zhu, Xiaoyun and Wang, Zhikui and Singhal, Sharad and Shin, Kang G.},
    citeulike-article-id = {1319456},
    keywords = {software, virtualization},
    title = "{Performance Evaluation of Virtualization Technologies for Server Consolidation}",
institution = {HPL},
year = {2007},
}

@inproceedings{quantifying-the-performance-isolation-properties,
 author = {Matthews, Jeanna Neefe and Hu, Wenjin and Hapuarachchi, Madhujith and Deshane, Todd and Dimatos, Demetrios and Hamilton, Gary and McCabe, Michael},
 title = "{Quantifying the Performance Isolation Properties of Virtualization Systems}",
 booktitle = {Proceedings of the Workshop on Experimental computer science (ECS)},
 year = {2007},
 pages = {5--5},
 publisher = {USENIX Association},
 address = {Berkeley, CA, USA},
 }

@article{quantifying-performance-properties,
author = {Xianghua Xu and Feng Zhou and Jian Wan and Yucheng Jiang},
title = "{Quantifying Performance Properties of Virtual Machine}",
journal = {Proceedings of the International Symposium on Information Science and Engineering},
volume = {1},
year = {2008},
pages = {24-28},
}

@inproceedings{vconsolidate,
 author = {Apparao, Padma and Iyer, Ravi and Zhang, Xiaomin and Newell, Don and Adelmeyer, Tom},
 title = "{Characterization \& Analysis of a Server Consolidation Benchmark}",
 booktitle = {Proceedings of the Fourth ACM SIGPLAN/SIGOPS International Conference on Virtual Execution Environments (VEE)},
 year = {2008},
 pages = {21--30},
 publisher = {ACM},
 address = {New York, NY, USA},
 }

@article{workload-characterization,
author = {Mohamed A. El-Refaey and Mohamed Abu Rizkaa},
title = "{Virtual Systems Workload Characterization: An Overview}",
journal ={Proceedings of the IEEE International Workshops on Enabling Technologies},
volume = {0},
year = {2009},
pages = {72-77},
publisher = {IEEE Computer Society},
address = {Los Alamitos, CA, USA},
}

@article{redefining-server-performance-characterization,
author = {Casazza, J. and Greenfield, M. and Shi, K.},
title = "{Redefining Server Performance Characterization for Virtualization Benchmarking}",
journal = {Intel Technology Journal},
note = {\url{http://www.intel.com/technology/itj/2006/v10i3/7-benchmarking/1-abstract.htm}},
year = {2006},
}

@article{autonomic-virtual-resource-management,
author = "{Hien Nguyen Van and Frederic Dang Tran and Jean-Marc Menaud}",
title = "{Autonomic Virtual Resource Management for Service Hosting Platforms}",
journal ={ICSE Workshop on Software Engineering Challenges of Cloud Computing},
volume = {0},
year = {2009},
pages = {1-8},
publisher = {IEEE Computer Society},
address = {Los Alamitos, CA, USA},
}

@techreport{autonomic-vm-placement,
    author = {Hyser, Chris and Mckee, Bret and Gardner, Rob and Watson, Brian J.},
    citeulike-article-id = {1319456},
    keywords = {Automation, Manageability, Architecture, Virtualization, Data center, Virtual machine, Placement},
    title = "{Autonomic Virtual Machine Placement in the Data Center}",
institution = {HPL},
year = {2007},
}

@inproceedings{dynamic-memory-balancing,
 author = {Zhao, Weiming and Wang, Zhenlin},
 title = "{Dynamic Memory Balancing for Virtual Machines}",
 booktitle = {Proceedings of the 2009 ACM SIGPLAN/SIGOPS International Conference on Virtual Execution Environments (VEE)},
 year = {2009},
 pages = {21--30},
 publisher = {ACM},
 address = {New York, NY, USA},
 }

@inproceedings{difference-engine,
    author = {Gupta, Diwaker and Lee, Sangmin and Vrable, Michael and Savage, Stefan and Snoeren, Alex C. and Varghese, George and Voelker, Geoffrey M. and Vahdat, Amin},
    booktitle = {Proceedings of the 8th USENIX Symposium on Operating System Design and Implementation (OSDI)},
    month = {December},
    title = "{Difference Engine: Harnessing Memory Redundancy in Virtual Machines}",
    year = {2008},
	pages = {309--322},
}

@INPROCEEDINGS{managing-sla-violations,
title="{Dynamic Placement of Virtual Machines for Managing SLA Violations}",
author={Bobroff, N. and Kochut, A. and Beaty, K.},
booktitle={Proceedings of the 10th IFIP/IEEE International Symposium on Integrated Network Management},
year={2007},
pages={119-128},
}

@article{vm3,
    author = {Iyer, Ravi and Illikkal, Ramesh and Tickoo, Omesh and Zhao, Li and Apparao, Padma and Newell, Don},
    journal = {Computer Networks},
    keywords = {measure, metavisor, model, resource-allocation, virtualization},
    month = {July},
    title = "{VM3: Measuring, Modeling \& Managing VM Shared Resources}",
    year = {2009}
}

@article{vpa-for-resource-metering,
 author = {Iyer, Ravi and Illikkal, Ramesh and Zhao, Li and Newell, Don and Moses, Jaideep},
 title = "{Virtual platform architectures for resource metering in datacenters}",
 journal = {SIGMETRICS Performance Evaluation Review},
 volume = {37},
 number = {2},
 year = {2009},
 pages = {89--90},
 publisher = {ACM},
 address = {New York, NY, USA},
 }

@inproceedings{diagnosing-performance-overheads,
 author = {Menon, Aravind and Santos, Jose Renato and Turner, Yoshio
and Janakiraman, G. (John) and Zwaenepoel, Willy},
 title = "{Diagnosing Performance Overheads in the Xen Virtual Machine Environment}",
 booktitle = {Proceedings of the 1st ACM/USENIX International
Conference on Virtual Execution Environments (VEE)},
 year = {2005},
 pages = {13--23},
 location = {Chicago, IL, USA},
 publisher = {ACM},
 address = {New York, NY, USA},
 }

@inproceedings{virtual-putty,
 author = {Jason Sonnek and Abhishek Chandra},
 title = "{Virtual Putty: Reshaping the Physical Footprint of Virtual Machines}",
 booktitle = {Proceedings of the Workshop on Hot Topics in Cloud Computing},
 year = {2009},
 month = {June},
 }

@inproceedings{measuring-cpu-overhead,
 author = {Cherkasova, Ludmila and Gardner, Rob},
 title = "{Measuring CPU Overhead for I/O Processing in the Xen Virtual Machine Monitor}",
 booktitle = {Proceedings of the Annual Conference on USENIX Annual Technical Conference (ATC)},
 year = {2005},
 pages = {24--24},
 location = {Anaheim, CA},
 publisher = {USENIX Association},
 address = {Berkeley, CA, USA},
}

@Misc{vmware-paravirtualization,
title = "{Understanding Full Virtualization, Paravirtualization and Hardware Assist}",
howpublished = {VMware Whitepaper},
month = {November},
year = {2007},
note = {\url{http://www.vmware.com/files/pdf/VMware_paravirtualization.pdf}. Accessed Apr 24, 2015},
}

@Misc{kvm,
title = "{Kernel Based Virtual machine (KVM)}",
note = {\url{http://www.linux-kvm.org/page/Main_Page}. Accessed Apr 24, 2015},
}

@Misc{OpenVZ,
title = "{OpenVZ}",
note = {\url{http://wiki.openvz.org/Main_Page}. Accessed Jan 5, 2015},
howpublished = {Online},
author = {Parallels}
}

@article{resource-overbooking,
 author = {Urgaonkar, Bhuvan and Shenoy, Prashant and Roscoe, Timothy},
 title = "{Resource Overbooking and Application Profiling in Shared Hosting Platforms}",
 journal = {SIGOPS Operating Systems Review},
 volume = {36},
 number = {SI},
 year = {2002},
 pages = {239--254},
 publisher = {ACM},
 address = {New York, NY, USA},
 }

@Misc{modeling-vm-performance,
author = {Omesh Tickoo and Ravi Iyer and Ramesh Illikkal and Don Newell},
title = "{Modeling Virtual Machine Performance: Challenges and Approaches}",
howpublished = {HotMetrics Workshop},
year = {2009},
}

@Misc{rubis,
author = {C. Amza and E. Cecchet and A. Chanda and A. Cox and S. Elnikety and R. Gil and J. Marguerite and K. Rajamani and W. Zwaenepoel},
title = "{Specification and Implementation of Dynamic Web Site Benchmarks}",
howpublished = {Proceedings of the 5th Workshop on Workload Characterization},
year = {2001},
}

@Misc{characterizing-performance,
author = {Omesh Tickoo and Ravi Iyer and Ramesh Illikkal and Don Newell},
title = "{Characterizing Performance in Virtualized Execution}",
howpublished = {SMART Workshop},
year = {2008},
}



@article{modeling-consolidated-CMP-servers,
 author = {Apparao, Padma and Iyer, Ravi and Newell, Don},
 title = "{Towards Modeling \& Analysis of Consolidated CMP Servers}",
 journal = {SIGARCH Computer Architecture News},
 volume = {36},
 number = {2},
 year = {2008},
 pages = {38--45},
 publisher = {ACM},
 address = {New York, NY, USA},
 }


@inproceedings{capacity-mgmt-service,
 author = {Rolia, Jerry and Cherkasova, Ludmila and Arlitt, Martin and Andrzejak, Artur},
 title = "{A Capacity Management Service for Resource Pools}",
 booktitle = {Proceedings of the 5th International Workshop on Software and Performance},
 year = {2005},
 pages = {229--237},
 location = {Palma, Illes Balears, Spain},
 publisher = {ACM},
 address = {New York, NY, USA},
 }

@inproceedings{friendly-vms,
 author = {Zhang, Yuting and Bestavros, Azer and Guirguis, Mina and Matta, Ibrahim and West, Richard},
 title = "{Friendly Virtual Machines: Leveraging a Feedback-control Model for Application Adaptation}",
 booktitle = {Proceedings of the 1st ACM/USENIX International Conference on Virtual Execution Environments (VEE)},
 year = {2005},
 pages = {2--12},
 location = {Chicago, IL, USA},
 publisher = {ACM},
 address = {New York, NY, USA},
 }

@article{httperf,
 author = {Mosberger, David and Jin, Tai},
 title = "{Httperf--- A Tool for Measuring Web Server Performance}",
 journal = {SIGMETRICS Performance Evaluation Review},
 volume = {26},
 number = {3},
 year = {1998},
 pages = {31--37},
 publisher = {ACM},
 }

@INPROCEEDINGS{optimal-multivariate-control,
title="{Optimal Multivariate Control for Differentiated Services on a Shared Hosting Platform}",
author={Xue Liu and Xiaoyun Zhu and Padala, P. and Zhikui Wang and Singhal, S.},
booktitle={Proceedings of the 46th IEEE Conference on Decision and Control},
year={2007},
month={Dec.},
}

@Misc{webcalendar,
author = {WebCalendar developer community},
title = "{WebCalendar application}",
howpublished = {Website},
note = {\url{http://sourceforge.net/projects/webcalendar/}},
}

@Book{feedback-control-of-computing-sys,
author = {Joseph L. Hellerstein and Yixin Diao and Sujay Parekh and Dawn M. Tilbury },
title = "{Feedback Control of Computing Systems}",
publisher = {Wiley-IEEE Press},
year = {2004},
}

@Book{trivedi, 
author = {Kishor S. Trivedi},
title = "{Probability and Statistics with Reliability, Queuing and Computer Science Applications}",
publisher = {John Wiley and Sons},
year = {2002},
}


@Book{applied-regression-analysis,
author = {N.~R.~Draper and H.~Smith.},
title = "{Applied Regression Analysis}",
publisher = {J. Wiley \& Sons},
year = {1998},
}

@TechReport{LQR-varsha,
author = {Varsha Apte and Purushottam Kulkarni and Sujesha Sudevalayam and Piyush Masrani},
title = "{Balancing Response Time and CPU allocation in Virtualized Data Centers using Optimal Controllers}",
note = {\url{http://www.cse.iitb.ac.in/internal/techreports/reports/TR-CSE-2010-29.pdf}},
institution = {IIT Bombay},
year = {2010},
}

@MastersThesis{LQR-piyush,
author = {Piyush Masrani},
title = "{Dynamic CPU Share Allocation and Server Consolidation in Virtualized Data Centers}",
school = {IIT Bombay},
year = {2009},
OPTmonth = {July},
}

@MastersThesis{autoperf,
title = "{Autoperf: An Automated Load Generator and Performance Measurement Tool for Multi-tier Software Systems}",
author = {Shrirang Shirodkar},
school = {IIT Bombay},
year = {2008},
}

@inproceedings{xen-nw-overheads,
 author = {Apparao, Padma and Makineni, Srihari and Newell, Don},
 title = "{Characterization of Network Processing Overheads in Xen}",
 booktitle = {Proceedings of the 2nd International Workshop on Virtualization Technology in Distributed Computing (VTDC)},
 year = {2006},
 pages = {2},
 publisher = {IEEE Computer Society},
 address = {Washington, DC, USA},
 }

@inproceedings{adaptive-control,
 author = {Padala, Pradeep and Shin, Kang G. and Zhu, Xiaoyun and Uysal, Mustafa and Wang, Zhikui and Singhal, Sharad and Merchant, Arif and Salem, Kenneth},
 title = "{Adaptive Control of Virtualized Resources in Utility Computing Environments}",
 booktitle = {Proceedings of the 2nd ACM SIGOPS/EuroSys European Conference on Computer Systems (Eurosys)},
 year = {2007},
 pages = {289--302},
 location = {Lisbon, Portugal},
 publisher = {ACM},
 address = {New York, NY, USA},
 }

@inproceedings{autocontrol,
 author = {Padala, Pradeep and Hou, Kai-Yuan and Shin, Kang G. and Zhu, Xiaoyun and Uysal, Mustafa and Wang, Zhikui and Singhal, Sharad and Merchant, Arif},
 title = "{Automated Control of Multiple Virtualized Resources}",
 booktitle = {Proceedings of the 4th ACM European Conference on Computer Systems (Eurosys)},
 year = {2009},
 pages = {13--26},
 location = {Nuremberg, Germany},
 publisher = {ACM},
 address = {New York, NY, USA},
 }

@INPROCEEDINGS{dynamic-provisioning-multi-tier,
title="{Dynamic Provisioning of Multi-tier Internet Applications}",
author={Urgaonkar, B. and Shenoy, P. and Chandra, A. and Goyal, P.},
booktitle={Proceedings of the Second International Conference on Autonomic Computing (ICAC)},
year={2005},
month={June},
volume={},
number={},
pages={217-228},
}

@inproceedings{memory-buddies,
 author = {Wood, Timothy and Tarasuk-Levin, Gabriel and Shenoy, Prashant and Desnoyers, Peter and Cecchet, Emmanuel and Corner, Mark D.},
 title = "{Memory Buddies: Exploiting Page Sharing for Smart Colocation in Virtualized Data Centers}",
 booktitle = {Proceedings of the 2009 ACM SIGPLAN/SIGOPS International Conference on Virtual Execution Environments (VEE)},
 year = {2009},
 pages = {31--40},
 location = {Washington, DC, USA},
 publisher = {ACM},
 address = {New York, NY, USA},
 }

@inproceedings{domain-level-page-sharing,
  author    = {Myeongjae Jeon and Euiseong Seo and Junghyun Kim and Joonwon Lee},
  title     = "{Domain Level Page Sharing in Xen Virtual Machine Systems}",
  booktitle = {Proceedings of the 7th international conference on Advanced Parallel Processing Technologies},
  year      = {2007},
  pages     = {590-599},
}

@inproceedings{xen-and-co,
 author = {Govindan, Sriram and Nath, Arjun R. and Das, Amitayu and Urgaonkar, Bhuvan and Sivasubramaniam, Anand},
 title = "{Xen and Co.: Communication-aware CPU Scheduling for Consolidated Xen-based Hosting Platforms}",
 booktitle = {Proceedings of the 3rd International Conference on Virtual Execution Environments (VEE)},
 year = {2007},
 pages = {126--136},
 location = {San Diego, California, USA},
 publisher = {ACM},
 address = {New York, NY, USA},
 }

@inproceedings{live-migration,
 author = {Clark, Christopher and Fraser, Keir and Hand, Steven and Hansen, Jacob Gorm and Jul, Eric and Limpach, Christian and Pratt, Ian and Warfield, Andrew},
 title = "{Live Migration of Virtual Machines}",
 booktitle = {The 2nd USENIX Symposium on Networked Systems Design \& Implementation (NSDI)},
 year = {2005},
 pages = {273--286},
 publisher = {USENIX Association},
 address = {Berkeley, CA, USA},
 }

@techreport{xenmon,
    author = {Gupta, D. and Gardner, R. and Cherkasova, L.},
    institution = {HP Labs},
    number = {HPL-2005-187},
    posted-at = {2008-09-17 16:24:27},
    priority = {0},
    title = "{XenMon: QoS Monitoring and Performance Profiling Tool}",
    year = {2005}
}

@Misc{muffin,
title = "{Muffin proxy 0.9.3a, Muffin world wide web filtering system.}",
year = "[Online]",
note = {\url{http://muffin.doit.org/}},
}

@Misc{oprofile,
title = "OProfile, system-wide statistical profiling tool",
year = "[Online]",
note = {\url{http://oprofile.sourceforge.net/}},
}

@inproceedings{sandpiper,
    author = {Wood, Timothy and Shenoy, Prashant and Arun},
    pages = {229--242},
    title = "{Black-box and Gray-box Strategies for Virtual Machine Migration}",
	booktitle = {Proceedings of the 4th USENIX Symposium on Networked Systems Design \& Implementation},
	year = {2007},
}

	%================== appended here ======
@misc{xen,
author = {The Xen Community},
title = "{Xen}",
howpublished = {Website},
note = {\url{http://www.xen.org/}. Accessed Apr 24, 2015},
}

@misc{ec2,
author = {The AWS Community},
title = "{Amazon Elastic Compute Cloud (Amazon EC2)}",
howpublished = {Website},
note = {\url{http://aws.amazon.com/ec2/}. Accessed Apr 24, 2015},
}

@misc{ubuntu-private-cloud,
author = {Ubuntu Community},
title = "{Bootstack---Your Managed Cloud}",
howpublished = {Website},
note = {\url{http://www.ubuntu.com/cloud/managed-cloud}. Accessed May 11, 2015},
}

@misc{ubuntu-cloud-tools,
author = {Ubuntu Community},
title = "{Cloud tools}",
howpublished = {Website},
note = {\url{http://www.ubuntu.com/cloud/tools}. Accessed May 11, 2015},
}

@misc{ms-private-cloud,
author = {Microsoft Virtualization Community},
title = "{Microsoft Cloud Computing Infrastructure}",
howpublished = {Website},
note = {\url{http://www.microsoft.com/virtualization/en/us/private-cloud.aspx}},
}

@misc{high-consuming-parallel,
author = {J.C. Faugre and B. Folliot and B.C. Saab},
title = "{Execution Platform for High Consuming Parallel Applications: A Case Study for Grbner Basis}",
howpublished = {International Workshop on Parallel and Distributed Computing for Symbolic and Irregular Applications},
year = {1999},
}

@inproceedings{diagnosing-performance-overheads,
 author = {Menon, Aravind and Santos, Jose Renato and Turner, Yoshio and Janakiraman, G. (John) and Zwaenepoel, Willy},
 title = "{Diagnosing Performance Overheads in the Xen Virtual Machine Environment}",
 booktitle = {Proceedings of the 1st ACM/USENIX International Conference on Virtual Execution Environments (VEE)},
 year = {2005},
 pages = {13--23},
 publisher = {ACM},
 address = {New York, NY, USA},
 }

@article{quantifying-performance-properties,
author = {Xianghua Xu and Feng Zhou and Jian Wan and Yucheng Jiang},
title = "{Quantifying Performance Properties of Virtual Machine}",
journal = {Proceedings of the International Symposium on Information Science and Engineering},
volume = {1},
year = {2008},
pages = {24-28},
publisher = {IEEE Computer Society},
address = {Los Alamitos, CA, USA},
}

@inproceedings{vconsolidate,
 author = {Apparao, Padma and Iyer, Ravi and Zhang, Xiaomin and Newell, Don and Adelmeyer, Tom},
 title = "{Characterization \& Analysis of a Server Consolidation Benchmark}",
 booktitle = {Proceedings of the Fourth ACM SIGPLAN/SIGOPS International Conference on Virtual Execution Environments (VEE)},
 year = {2008},
 pages = {21--30},
 publisher = {ACM},
 address = {New York, NY, USA},
 }

@article{workload-characterization,
author = {Mohamed A. El-Refaey and Mohamed Abu Rizkaa},
title = "{Virtual Systems Workload Characterization: An Overview}",
journal = {Proceedings of the IEEE International Workshops on Enabling Technologies},
volume = {0},
year = {2009},
pages = {72-77},
publisher = {IEEE Computer Society},
}

@article{redefining-server-performance-characterization,
author = {Casazza, J. and Greenfield, M. and Shi, K.},
title = "{Redefining Server Performance Characterization for Virtualization Benchmarking}",
journal = {Intel Technology Journal},
note = {\url{http://www.intel.com/technology/itj/2006/v10i3/7-benchmarking/1-abstract.htm}},
year = {2006},
}

@inproceedings{dynamic-memory-balancing,
 author = {Zhao, Weiming and Wang, Zhenlin},
 title = "{Dynamic Memory Balancing for Virtual Machines}",
 booktitle = {Proceedings of the 2009 ACM SIGPLAN/SIGOPS International Conference on Virtual Execution Environments (VEE)},
 year = {2009},
 pages = {21--30},
 }

@article{vm3,
    author = {Iyer, Ravi and Illikkal, Ramesh and Tickoo, Omesh and Zhao, Li and Apparao, Padma and Newell, Don},
    journal = {Computer Networks},
    keywords = {measure, metavisor, model, resource-allocation, virtualization},
    month = {July},
    title = "{VM3: Measuring, Modeling \& Managing VM Shared Resources}",
    year = {2009}
}

@article{vpa-for-resource-metering,
 author = {Iyer, Ravi and Illikkal, Ramesh and Zhao, Li and Newell, Don and Moses, Jaideep},
 title = "{Virtual platform architectures for resource metering in datacenters}",
 journal = {SIGMETRICS Performance Evaluation Review},
 volume = {37},
 number = {2},
 year = {2009},
 pages = {89--90},
 }

@inproceedings{diagnosing-performance-overheads,
 author = {Menon, Aravind and Santos, Jose Renato and Turner, Yoshio
and Janakiraman, G. (John) and Zwaenepoel, Willy},
 title = "{Diagnosing Performance Overheads in the Xen Virtual Machine Environment}",
 booktitle = {Proceedings of the 1st ACM/USENIX International Conference on Virtual Execution Environments (VEE)},
 year = {2005},
 pages = {24--24},
 location = {Anaheim, CA},
 publisher = {USENIX Association},
 address = {Berkeley, CA, USA},
}

@inproceedings{xen-art-of-virtualization,
 author = {Barham, Paul and Dragovic, Boris and Fraser, Keir and Hand, Steven and Harris, Tim and Ho, Alex and Neugebauer, Rolf and Pratt, Ian and Warfield, Andrew},
 title = "{Xen and the Art of Virtualization}",
 booktitle = {Proceedings of the 19th ACM symposium on Operating Systems Principles},
 year = {2003},
 pages = {164--177},
 location = {Bolton Landing, NY, USA},
 publisher = {ACM},
 address = {New York, NY, USA},
 }

@Misc{modeling-vm-performance,
author = {Omesh Tickoo and Ravi Iyer and Ramesh Illikkal and Don Newell},
title = "{Modeling Virtual Machine Performance: Challenges and Approaches}",
howpublished = {HotMetrics Workshop},
year = {2009},
}

@Misc{characterizing-performance,
author = {Omesh Tickoo and Ravi Iyer and Ramesh Illikkal and Don Newell},
title = "{Characterizing Performance in Virtualized Execution}",
howpublished = {SMART Workshop},
year = {2008},
}

@Misc{hardware-assisted-wiki,
author = {Wikipedia},
title = "{Full Virtualization}",
howpublished = {Online},
year = {2007},
note = {\url{http://en.wikipedia.org/wiki/Full_virtualization}. Accessed Jan 5, 2015},
}



@article{modeling-consolidated-CMP-servers,
 author = {Apparao, Padma and Iyer, Ravi and Newell, Don},
 title = "{Towards Modeling \& Analysis of Consolidated CMP Servers}",
 journal = {SIGARCH Computer Architecture News},
 volume = {36},
 number = {2},
 year = {2008},
 pages = {38--45},
 publisher = {ACM},
 address = {New York, NY, USA},
 }


@inproceedings{capacity-mgmt-service,
 author = {Rolia, Jerry and Cherkasova, Ludmila and Arlitt, Martin and Andrzejak, Artur},
 title = "{A Capacity Management Service for Resource Pools}",
 booktitle = {Proceedings of the 5th International Workshop on Software and Performance (WOSP)},
 year = {2005},
 pages = {229--237},
 location = {Palma, Illes Balears, Spain},
 publisher = {ACM},
 address = {New York, NY, USA},
 }

@inproceedings{friendly-vms,
 author = {Zhang, Yuting and Bestavros, Azer and Guirguis, Mina and Matta, Ibrahim and West, Richard},
 title = "{Friendly Virtual Machines: Leveraging a Feedback-control Model for Application Adaptation}",
 booktitle = {Proceedings of the 1st ACM/USENIX International Conference on Virtual Execution Environments (VEE)},
 year = {2005},
 pages = {2--12},
 location = {Chicago, IL, USA},
 publisher = {ACM},
 address = {New York, NY, USA},
 }

@INPROCEEDINGS{optimal-multivariate-control,
title="{Optimal Multivariate Control for Differentiated Services on a Shared Hosting Platform}",
author={Xue Liu and Xiaoyun Zhu and Padala, P. and Zhikui Wang and Singhal, S.},
booktitle={Proceedings of the 46th IEEE Conference on Decision and Control},
year={2007},
month={Dec.},
}

@Misc{webcalendar,
author = {WebCalendar developer community},
title = "{WebCalendar application}",
howpublished = {Website},
note = {\url{http://sourceforge.net/projects/webcalendar/}. Accessed Nov 9, 2008.},
}

@Book{feedback-control-of-computing-sys,
author = {Joseph L. Hellerstein and Yixin Diao and Sujay Parekh and Dawn M. Tilbury },
title = "{Feedback Control of Computing Systems}",
publisher = {Wiley-IEEE Press},
year = {2004},
}

@inproceedings{xen-nw-overheads,
 author = {Apparao, Padma and Makineni, Srihari and Newell, Don},
 title = "{Characterization of Network Processing Overheads in Xen}",
 booktitle = {Proceedings of the 2nd International Workshop on Virtualization Technology in Distributed Computing (VTDC)},
 year = {2006},
 pages = {2},
 publisher = {IEEE Computer Society},
 address = {Washington, DC, USA},
 }

@inproceedings{adaptive-control,
 author = {Padala, Pradeep and Shin, Kang G. and Zhu, Xiaoyun and Uysal, Mustafa and Wang, Zhikui and Singhal, Sharad and Merchant, Arif and Salem, Kenneth},
 title = "{Adaptive Control of Virtualized Resources in Utility Computing Environments}",
 booktitle = {Proceedings of the 2nd ACM SIGOPS/EuroSys European Conference on Computer Systems (Eurosys)},
 year = {2007},
 pages = {289--302},
 location = {Lisbon, Portugal},
 publisher = {ACM},
 address = {New York, NY, USA},
 }

@inproceedings{autocontrol,
 author = {Padala, Pradeep and Hou, Kai-Yuan and Shin, Kang G. and Zhu, Xiaoyun and Uysal, Mustafa and Wang, Zhikui and Singhal, Sharad and Merchant, Arif},
 title = "{Automated Control of Multiple Virtualized Resources}",
 booktitle = {Proceedings of the 4th ACM European Conference on Computer Systems (Eurosys)},
 year = {2009},
 pages = {13--26},
 location = {Nuremberg, Germany},
 publisher = {ACM},
 }

@techreport{affine-modeling-tech-report,
author = {Sujesha Sudevalayam and Purushottam Kulkarni},
title = "{Affinity-aware Modeling of CPU Usage for Provisioning Virtualized Applications}",
year = {2011},
institution = {Indian Institute of Technology Bombay},
}

@inproceedings{affine-modeling-ieee-cloud,
author = {S.~Sudevalayam and P.~Kulkarni},
title = "{Affinity-aware Modeling of CPU Usage for Provisioning Virtualized Applications}", 
booktitle = {Proceedings of the 4th International Conference on Cloud Computing},
year = {2011},
pages = {139--146},
}

@misc{libpcap,
author = {Bill Fenner and Guy Harris and Michael Richardson},
title = "{The Libpcap Project}",
howpublished = {Website},
note = {\url{http://sourceforge.net/projects/libpcap/}. Accessed Nov 9, 2009.},
}

@Misc{robustbase,
author = {M Maechler},
title = "{robustbase: Basic Robust Statistics}",
year = "[Online]",
note = {\url{http://cran.r-project.org/web/packages/robustbase/index.html}. Accessed Nov 9, 2009.},
}


@Misc{oprofile,
title = "OProfile, system-wide statistical profiling tool",
year = "[Online]",
note = {\url{http://oprofile.sourceforge.net/}. Accessed Nov 9, 2009.},
}

@inproceedings{analytical-model-for-multitier, 
title = "{An Analytical Model for Multi-tier Internet Services and Its Applications}",
author = {Bhuvan Urgaonkar and Giovanni Pacifici and Prashant Shenoy and Mike Spreitzer and Asser Tantawi},
booktitle = {Proceedings of the 2005 ACM SIGMETRICS international conference on Measurement and Modeling of Computer Systems},
year = {2005},
}

@inproceedings{capacity-planning-process,
author = {Nilabja Roy and Abhishek Dubey and Aniruddha Gokhale and Larry Dowdy},
title = "{A Capacity Planning Process for Performance Assurance of Component-based Distributed Systems}",
booktitle = {Proceedings of the Second Joint WOSP/SIPEW International Conference on Performance Engineering},
year = {2011},
}

@inproceedings{migrating-n-tier-apps,
title = "{Variations in Performance and Scalability when Migrating n-Tier Applications to Different Clouds}",
author = {Deepal Jayasinghe and Simon Malkowski and Qingyang Wang and Jack Li et al},
booktitle = {Proceedings of the Fourth International Conference on Cloud Computing},
year = {2011},
}

@inproceedings{legacy-app-migration,
title = "{Legacy Application Migration to Cloud}",
author = {Xin Meng and Jingwei Shi and Xiaowei Liu and Huifeng Liu and Lian Wang},
booktitle = {Proceedings of the Fourth International Conference on Cloud Computing},
year = {2011},
}

@Article{overloaded-web-servers,
title = "{An Overhead and Resource Contention Aware Analytical Model for Overloaded Web Servers}", 
author = {Vipul mathur and Varsha Apte},
journal = {Journal of Systems and Software (JSS)},
year = {2009},
pages = {39-55},
}

@inproceedings{analytical-multi-tier-internet-services,
author = {B. Urgaonkar and G. Pacifici and P. Shenoy and M. Spreitzer, and A. Tantawi},
title = "{An Analytical Model for Multi-tier Internet Services and Its Applications}",
booktitle = {Proceedings of the ACM SIGMETRICS International Conference on Measurement and Modeling of Computer Systems},
year = {2005},
pages = {291--302},
}

@inproceedings{cutting-corners,
author = {Piyush Shivam and Varun Marupadi and Jeff Chase and Thileepan Subramaniam and Shivnath Babu },
title = "{Cutting Corners: Workbench Automation for Server Benchmarking}",
booktitle = {Proceedings of the USENIX Annual Technical Conference (ATC)},
year = {2008},
}

@TechReport{kvm-whitepaper,
author = {Qumranet Inc.},
title = "{KVM: Kernel-based Virtualization Driver}",
note = {\url{www.linuxinsight.com/files/kvm_whitepaper.pdf}. Accessed Apr 24, 2011.},
institution = {Qumranet},
year = {2006},
}

@inproceedings{net-fairness-visa-2010,
author = {B.~Anwer and N.~Feamster and A.~Nayak and L.~Liu.},
title = "{Network I/O Fairness in Virtual Machines}",
booktitle = {Proceedings of the 2nd ACM SIGCOMM Workshop on Virtualized Infrastructure Systems and Architectures},
pages = {73--80}, 
year = {2010},
}

@inproceedings{migrating-service-oriented,
author = {Muhammad Aufeef and Muhammad Ali Babar},
title = "{Migrating Service Oriented System to Cloud Computing: An Experience Report}",
booktitle = {Proceedings of the 4th IEEE International Conference on Cloud Computing (CLOUD)},
year = {2011}
}

@article{analytical-web-servers,
author = {Reeser, Paul and Hariharan, Rema},
title = "{An Analytic Model of Web Servers in Distributed Computing Environments}",
journal = {Telecommunication Systems},
year = {2002},
pages = {283--299},
}

@INPROCEEDINGS{model-based-resource-provisioning,
    author = {Ronald P. Doyle and Jeffrey S. Chase and Omer M. Asad and Wei Jin and Amin M. Vahdat},
    title = "{Model-Based Resource Provisioning in a Web Service Utility}",
    booktitle = {Proceedings of the 4th USENIX Symposium on Internet Technologies and Systems (USITS)},
    year = {2003},
}

@inproceedings{profiling-apps-for-vm-placement,
author = {A. V. Do and J. Chen and C. Wang and Y. C. Lee and A. Y. Zomaya and B. B. Zhou},
title = "{Profiling Applications for Virtual Machine Placement in Clouds}",
booktitle = {Proceedings of the 4th IEEE International Conference on Cloud Computing (CLOUD)},
year = {2011}
}

@inproceedings{net-cohort,
author = {L.~Hu and K.~Schwan and A.~Gulati and J.~Zhang and C.~Wang},
title = "{Net-cohort: Detecting and Managing VM Ensembles in Virtualized Data Centers}",
booktitle = {Proceedings of the 9th International Conference on Autonomic Computing},
pages = {3--12},
year = {2012},
}

@inproceedings{generating-datasets,
 author = {Tarasov, Vasily and Mudrankit, Amar and Buik, Will and Shilane, Philip and Kuenning, Geoff and Zadok, Erez},
 title = "{Generating Realistic Datasets for Deduplication Analysis}",
 booktitle = {Proceedings of the USENIX Conference on Annual Technical Conference},
 year = {2012},
 pages = {24--24},
 numpages = {1},
} 

@INPROCEEDINGS{deduping-hibench,
	author="{Ruijin Zhou and Ming Liu and Tao Li}",
	booktitle={Proceedings of the IEEE International Symposium on Workload Characterization (IISWC)},
	title="{Characterizing the Efficiency of Data Deduplication for Big Data Storage Management}",
	year={2013},
	pages={98-108},
}

@INPROCEEDINGS{hibench,
	author={Shengsheng Huang and Jie Huang and Jinquan Dai and Tao Xie and Bo Huang},
	booktitle={Proceedings of the 26th IEEE International Conference on Data Engineering Workshops (ICDEW)},
	title={The HiBench benchmark suite: Characterization of the MapReduce-based Data Analysis},
	year={2010},
	month={March},
	pages={41-51},
}

@INPROCEEDINGS{p-dedupe,
author={Wen Xia and Hong Jiang and Dan Feng and Lei Tian and Min Fu and Zhongtao Wang},
booktitle={Proceedings of the 7th IEEE International Conference on Networking, Architecture and Storage (NAS)},
title="{P-Dedupe: Exploiting Parallelism in Data Deduplication System}",
year={2012},
month={June},
pages={338-347},
publisher = {IEEE}
}

@inproceedings{flexi-replay,
 author = {Tarasov, V. and Kumar, S. and Ma, J. and Hildebrand, D. and Povzner, A. and Kuenning, G. and Zadok, E.},
 title = "{Extracting Flexible, Replayable Models from Large Block Traces}",
 booktitle = {Proceedings of the 10th USENIX Conference on File and Storage Technologies (FAST)},
 series = {FAST'12},
 year = {2012},
 pages = {22--22},
 publisher = {USENIX Association},
} 

@inproceedings{animation-nfs,
 author = {Anderson, Eric},
 title = "{Capture, Conversion, and Analysis of an Intense NFS Workload}",
 booktitle = {Proceedings of the 7th Conference on File and Storage Technologies (FAST)},
 series = {FAST '09},
 year = {2009},
 pages = {139--152},
 publisher = {USENIX Association},
} 

@INPROCEEDINGS{winservers,
author={Kavalanekar, S. and Worthington, B. and Qi Zhang and Sharda, V.},
booktitle={Proceedings of the IEEE International Symposium on Workload Characterization (IISWC)},
title="{Characterization of Storage Workload Traces from Production Windows Servers}",
year={2008},
pages={119-128},
publisher = {IEEE}
}

@article{metadata-evolution,
 author = {Agrawal, Nitin and Bolosky, William J. and Douceur, John R. and Lorch, Jacob R.},
 title = "{A Five-year Study of File-system Metadata}",
 journal = {ACM Transactions on Storage (TOS)},
 volume = {3},
 number = {3},
 year = {2007},
 articleno = {9},
 publisher = {ACM},
} 

@inproceedings{tracefs,
 author = {Aranya, Akshat and Wright, Charles P. and Zadok, Erez},
 title = "{Tracefs: A File System to Trace Them All}",
 booktitle = {Proceedings of the 3rd USENIX Conference on File and Storage Technologies},
 series = {FAST '04},
 year = {2004},
 pages = {129--145},
 numpages = {17},
 publisher = {USENIX Association},
} 

@ARTICLE{intradisk-parallelism,
author={Gurumurthi, S. and Sankar, S. and Stan, M.R.},
journal={IEEE Micro},
title="{Using Intradisk Parallelism to Build Energy-Efficient Storage Systems}",
year={2009},
volume={29},
number={1},
pages={50-61},
}

@article{ddelta,
title = "{Ddelta: A Deduplication-inspired Fast Delta Compression Approach}",
journal = "Performance Evaluation",
volume = "79",
number = "0",
pages = "258 - 272",
year = "2014",
note = "Special Issue: Performance 2014 ",
author = "Wen Xia and Hong Jiang and Dan Feng and Lei Tian and Min Fu and Yukun Zhou",
}

@inproceedings{storage-benchmark-coverage,
title= "{A Statistical Evaluation of the Impact of Parameter Selection on Storage System Benchmarks}",
author = "{N. Park, W. Xiao, K. Choi, and D. Lilja}",
booktitle = {Proceedings of the 7th IEEE International Workshop on Storage Network Architecture and Parallel I/O (SNAPI)},
year = {2011},
}

@inproceedings{commercial-characterization,
title="{I/O Characterization of Commercial Workloads}",
author={Kimberly Keeton and Alistair Veitch and Doug Obal and John Wilkes},
year = {2009},
booktitle = {Proceedings of the 3rd Workshop on Computer Architecture Evaluation using Commercial Workloads (CAECW)},
}

@article{nine-year-study,
 author = {Traeger, Avishay and Zadok, Erez and Joukov, Nikolai and Wright, Charles P.},
 title = "{A Nine Year Study of File System and Storage Benchmarking}",
 journal = {Transactions on Storage},
 volume = {4},
 number = {2},
 year = {2008},
 pages = {5:1--5:56},
 articleno = {5},
 numpages = {56},
 publisher = {ACM},
} 

@inproceedings{rocket-science,
 author = {Tarasov, Vasily and Bhanage, Saumitra and Zadok, Erez and Seltzer, Margo},
 title = "{Benchmarking File System Benchmarking: It *IS* Rocket Science}",
 booktitle = {Proceedings of the 13th USENIX Conference on Hot Topics in Operating Systems},
 series = {HotOS'13},
 year = {2011},
 pages = {9--9},
 numpages = {1},
 publisher = {USENIX Association},
} 

@inproceedings{autopilot,
 author = {Wright, Charles P. and Joukov, Nikolai and Kulkarni, Devaki and Miretskiy, Yevgeniy and Zadok, Erez},
 title = "{Auto-pilot: A Platform for System Software Benchmarking}",
 booktitle = {Proceedings of the Annual Conference on USENIX Annual Technical Conference},
 series = {ATEC '05},
 year = {2005},
 pages = {53--53},
 numpages = {1},
 publisher = {USENIX Association},
} 

@inproceedings{storagecharacterization,
 author = {Sankar, Sriram and Vaid, Kushagra},
 title = "{Storage Characterization for Unstructured Data in Online Services Applications}",
 booktitle = {Proceedings of the IEEE International Symposium on Workload Characterization (IISWC)},
 series = {IISWC '09},
 year = {2009},
 pages = {148--157},
 numpages = {10},
 publisher = {IEEE Computer Society},
} 

@INPROCEEDINGS{storagereplay,
author={Delimitrou, C. and Sankar, S. and Vaid, K. and Kozyrakis, C.},
booktitle={Proceedings of the IEEE International Symposium on Performance Analysis of Systems and Software (ISPASS)},
title="{Storage I/O Generation and Replay for Datacenter Applications}",
year={2011},
month={April},
pages={123-124},
}

@MISC{storagemodeling,
    author = {Christina Delimitrou and Sriram Sankar and Kushagra Vaid and Christos Kozyrakis},
    title = "{Accurate Modeling and Generation of Storage I/O for Datacenter Workloads}",
    year = {2011},
    booktitle = {Proceedings of the Exascale Evaluation and Research Techniques Workshop (EXERT)},
}

@inproceedings{decoupling-dc-studies,
 author = {Delimitrou, Christina and Sankar, Sriram and Vaid, Kushagra and Kozyrakis, Christos},
 title = "{Decoupling Datacenter Studies from Access to Large-scale Applications: A Modeling Approach for Storage Workloads}",
 booktitle = {Proceedings of the 2011 IEEE International Symposium on Workload Characterization},
 series = {IISWC '11},
 year = {2011},
 pages = {51--60},
 numpages = {10},
 publisher = {IEEE Computer Society},
} 

@inproceedings{echo,
 author = {Delimitrou, Christina and Sankar, Sriram and Kansal, Aman and Kozyrakis, Christos},
 title = "{ECHO: Recreating Network Traffic Maps for Datacenters with Tens of Thousands of Servers}",
 booktitle = {Proceedings of the IEEE International Symposium on Workload Characterization (IISWC)},
 series = {IISWC '12},
 year = {2012},
 pages = {14--24},
 numpages = {11},
 publisher = {IEEE Computer Society},
} 

@article{vmware-esx-server,
 author = {Waldspurger, Carl A.},
 title = "{Memory Resource Management in VMware ESX Server}",
 journal = {SIGOPS Operating Systems Review},
 issue_date = {Winter 2002},
 volume = {36},
 number = {SI},
 year = {2002},
 pages = {181--194},
 numpages = {14},
 publisher = {ACM},
} 

@inproceedings{rules-of-thumb,
 author = {Jim Gray and Preshant Shenoy},
 title = "{Rules of Thumb in Data Engineering}",
 booktitle = {Proceedings of the International Conference on Data Engineering (ICDE)},
 year = {2000},
 pages = {3--},
 publisher = {IEEE Computer Society},
} 

@inproceedings{primary-data-dedup,
 author = {El-Shimi, Ahmed and Kalach, Ran and Kumar, Ankit and Oltean, Adi and Li, Jin and Sengupta, Sudipta},
 title = "{Primary Data Deduplication-large Scale Study and System Design}",
 booktitle = {Proceedings of the USENIX Conference on Annual Technical Conference (ATC)},
 year = {2012},
 pages = {26--26},
 numpages = {1},
 publisher = {USENIX Association},
} 

@inproceedings{backup-workloads-characterization,
 author = {Wallace, Grant and Douglis, Fred and Qian, Hangwei and Shilane, Philip and Smaldone, Stephen and Chamness, Mark and Hsu, Windsor},
 title = "{Characteristics of Backup Workloads in Production Systems}",
 booktitle = {Proceedings of the USENIX Conference on File and Storage Technologies (FAST)},
 series = {FAST'12},
 year = {2012},
 pages = {4--4},
 numpages = {1},
 publisher = {USENIX Association},
}



@inproceedings{datadomain,
 author = {Zhu, Benjamin and Li, Kai and Patterson, Hugo},
 title = "{Avoiding the Disk Bottleneck in the Data Domain Deduplication File System}",
 booktitle = {Proceedings of the USENIX Conference on File and Storage Technologies (FAST)},
 year = {2008},
 pages = {18:1--18:14},
 articleno = {18},
 numpages = {14},
 publisher = {USENIX Association},
} 

@inproceedings{redundancy-alternatives,
 author = {Policroniades, Calicrates and Pratt, Ian},
 title = "{Alternatives for Detecting Redundancy in Storage Systems Data}",
 booktitle = {Proceedings of the USENIX Annual Technical Conference (ATC)},
 year = {2004},
 pages = {6--6},
 numpages = {1},
 publisher = {USENIX Association},
} 

@inproceedings{cifs-study,
 author = {Leung, Andrew W. and Pasupathy, Shankar and Goodson, Garth and Miller, Ethan L.},
 title = "{Measurement and Analysis of Large-scale Network File System Workloads}",
 booktitle = {Proceedings of the USENIX Annual Technical Conference (ATC)},
 year = {2008},
 location = {Boston, Massachusetts},
 pages = {213--226},
 numpages = {14},
 publisher = {USENIX Association},
} 

@inproceedings{filesystem-workloads,
 author = {Roselli, Drew and Lorch, Jacob R. and Anderson, Thomas E.},
 title = "{A Comparison of File System Workloads}",
 booktitle = {Proceedings of the USENIX Annual Technical Conference (ATC)},
 year = {2000},
 pages = {4--4},
 numpages = {1},
 publisher = {USENIX Association},
} 

@inproceedings{content-sampling,
 author = {Xie, Fei and Condict, Michael and Shete, Sandip},
 title = "{Estimating Duplication by Content-based Sampling}",
 booktitle = {Proceedings of the USENIX Annual Technical Conference (ATC)},
 year = {2013},
 pages = {181--186},
 numpages = {6},
 publisher = {USENIX Association},
} 

@INPROCEEDINGS{filesize-distrib-cause,
author={Downey, A.B.},
booktitle={Proceedings of the IEEE/ACM Symposium on Modeling, Analysis and Simulation of Computer and Telecommunication Systems (MASCOTS)},
title="{The structural cause of file size distributions}",
year={2001},
pages={361-370},
}

@article{web-cable-modem,
 author = {Arlitt, Martin and Friedrich, Rich and Jin, Tai},
 title = "{Workload Characterization of a Web Proxy in a Cable Modem Environment}",
 journal = {SIGMETRICS Performance Evaluation Review},
 volume = {27},
 number = {2},
 year = {1999},
 pages = {25--36},
 numpages = {12},
 publisher = {ACM},
} 

@article{scaling-phenomena,
 author = {Feldmann, A. and Gilbert, A. C. and Willinger, W. and Kurtz, T. G.},
 title = "{The Changing Nature of Network Traffic: Scaling Phenomena}",
 journal = {SIGCOMM Computer Communications Review},
 volume = {28},
 number = {2},
 year = {1998},
 pages = {5--29},
 numpages = {25},
 publisher = {ACM},
} 

@techreport{web-client-access-patterns,
 author = {Barford, Paul and Bestavros, Azer and Bradley, Adam and Crovella, Mark},
 title = "{Changes in Web Client Access Patterns: Characteristics and Caching Implications}",
 year = {1998},
 source = {View on NCSTRL},
 institution = {Boston University},
} 

@inproceedings{dedup-effectiveness,
 author = {Jin, Keren and Miller, Ethan L.},
 title = "{The Effectiveness of Deduplication on Virtual Machine Disk Images}",
 booktitle = {Proceedings of the The Israeli Experimental Systems Conference},
 series = {SYSTOR '09},
 year = {2009},
 pages = {7:1--7:12},
 articleno = {7},
 numpages = {12},
 publisher = {ACM},
} 

@inproceedings{ventana,
 author = {Pfaff, Ben and Garfinkel, Tal and Rosenblum, Mendel},
 title = "{Virtualization Aware File Systems: Getting Beyond the Limitations of Virtual Disks}",
 booktitle = {Proceedings of the Conference on Networked Systems Design \& Implementation (NSDI)},
 year = {2006},
 pages = {26--26},
 numpages = {1},
 publisher = {USENIX Association},
} 

@article{hybrid-dedup,
 author = {Appaji Nag Yasa, Giridhar and Nagesh, P. C.},
 title = "{Space Savings and Design Considerations in Variable Length Deduplication}",
 journal = {SIGOPS Operating Systems Review},
 volume = {46},
 number = {3},
 year = {2012},
 issn = {0163-5980},
 pages = {57--64},
 numpages = {8},
 publisher = {ACM},
}

@inproceedings{case-for-nas-benchmarks,
 author = {Tarasov, Vasily and Hildebrand, Dean and Kuenning, Geoff and Zadok, Erez},
 title = "{Virtual Machine Workloads: The Case for New Benchmarks for NAS}",
 booktitle = {Proceedings of the 11th USENIX Conference on File and Storage Technologies},
 series = {FAST'13},
 year = {2013},
 pages = {307--320},
 numpages = {14},
 publisher = {USENIX Association},
} 

@INPROCEEDINGS{distiller,
author={Kurmas, Z. and Keeton, K. and Mackenzie, K.},
booktitle={Proceedings of the 11th IEEE/ACM International Symposium on Modeling, Analysis and Simulation of Computer Telecommunications Systems (MASCOTS)},
title="{Synthesizing Representative I/O Workloads Using Iterative Distillation}",
year={2003},
month={Oct},
pages={6-15},
}

@inproceedings{impressions,
 author = {Agrawal, Nitin and Arpaci-Dusseau, Andrea C. and Arpaci-Dusseau, Remzi H.},
 title = "{Generating Realistic Impressions for File-system Benchmarking}",
 booktitle = {Proceedings of the 7th Conference on File and Storage Technologies},
 series = {FAST '09},
 year = {2009},
 pages = {125--138},
 numpages = {14},
 publisher = {USENIX Association},
} 

@inproceedings{ip-networked-storage,
 author = {Radkov, Peter and Yin, Li and Goyal, Pawan and Sarkar, Prasenjit and Shenoy, Prashant},
 title = "{A Performance Comparison of NFS and iSCSI for IP-Networked Storage}",
 booktitle = {Proceedings of the 3rd USENIX Conference on File and Storage Technologies},
 year = {2004},
 location = {San Francisco, CA},
 pages = {101--114},
 numpages = {14},
 publisher = {USENIX Association},
}

@MISC{longterm-fair,
    author = {Tim Gibson and Attn J and Camp Smith Hi and Ethan L. Miller and Darrell D. E. Long and Jack Baskin School},
    title = "{Long-term File Activity and Inter-Reference Patterns}",
    year = {1998},
    booktitle = {Proceedings of the International Conference on Technology Management and Performance Evaluation of Enterprise-Wide Information Systems},
}

@MISC{jump-based-synthetic,
    author = {Zachary Kurmas and Jeremy Zito and Lucas Trevino and Ryan Lush},
    title = "{Generating a Jump Distance Based Synthetic Disk Access Pattern}",
    year = {2006},
    booktitle = {Proceedings of the 23rd IEEE Conference on Mass Storage Systems and Technologies},
}

@article{working-set,
 author = {Denning, Peter J.},
 title = "{The Working Set Model for Program Behavior}",
 journal = {Communications of the ACM},
 volume = {11},
 number = {5},
 month = May,
 year = {1968},
 pages = {323--333},
 publisher = {ACM},
}

@incollection{dedis,
	year={2012},
	booktitle={On the Move to Meaningful Internet Systems: OTM 2012},
	volume={7566},
	series={Lecture Notes in Computer Science},
	title="{DEDISbench: A Benchmark for Deduplicated Storage Systems}",
	publisher={Springer Berlin Heidelberg},
	author={Paulo, J. and Reis, P. and Pereira, J. and Sousa, A.},
	pages={584-601},
}

@inproceedings{vm-multiplexing,
 author = {Meng, Xiaoqiao and Isci, Canturk and Kephart, Jeffrey and Zhang, Li and Bouillet, Eric and Pendarakis, Dimitrios},
 title = {Efficient Resource Provisioning in Compute Clouds via VM Multiplexing},
 booktitle = {Proceedings of the 7th International Conference on Autonomic Computing},
 series = {ICAC '10},
 year = {2010},
 pages = {11--20},
 numpages = {10},
 publisher = {ACM},
 address = {New York, NY, USA},
} 

@inproceedings{entropy,
 author = {Hermenier, Fabien and Lorca, Xavier and Menaud, Jean-Marc and Muller, Gilles and Lawall, Julia},
 title = "{Entropy: A Consolidation Manager for Clusters}",
 booktitle = {Proceedings of the 2009 ACM SIGPLAN/SIGOPS International Conference on Virtual Execution Environments},
 series = {VEE '09},
 year = {2009},
 pages = {41--50},
 numpages = {10},
 publisher = {ACM},
 address = {New York, NY, USA},
} 

@INPROCEEDINGS{smartscale,
author={Dutta, S. and Gera, S. and Akshat Verma and Viswanathan, B.},
booktitle={Proceedings of the 5th IEEE International Conference on Cloud Computing (CLOUD)},
title="{SmartScale: Automatic Application Scaling in Enterprise Clouds}",
year={2012},
month={June},
pages={221-228},
}

@article{berkeley-view,
 author = {Armbrust, Michael and Fox, Armando and Griffith, Rean and Joseph, Anthony D. and Katz, Randy and Konwinski, Andy and Lee, Gunho and Patterson, David and Rabkin, Ariel and Stoica, Ion and Zaharia, Matei},
 title = "{A View of Cloud Computing}",
 journal = {Communications of the ACM},
 volume = {53},
 number = {4},
 month = apr,
 year = {2010},
 pages = {50--58},
 numpages = {9},
 publisher = {ACM},
 address = {New York, NY, USA},
} 

@inproceedings{adaptation-engine,
 author = {Jung, Gueyoung and Joshi, Kaustubh R. and Hiltunen, Matti A. and Schlichting, Richard D. and Pu, Calton},
 title = "{A Cost-sensitive Adaptation Engine for Server Consolidation of Multitier Applications}",
 booktitle = {Proceedings of the 10th ACM/IFIP/USENIX International Conference on Middleware},
 series = {Middleware '09},
 year = {2009},
 pages = {9:1--9:20},
 articleno = {9},
 numpages = {20},
 publisher = {Springer-Verlag New York, Inc.},
 address = {New York, NY, USA},
} 

@INPROCEEDINGS{load-balancing,
author={Deshi Ye and Hua Chen and Qinming He},
booktitle={Proceedings of the IEEE International Symposium on Parallel and Distributed Processing with Applications},
title="{Load Balancing in Server Consolidation}",
year={2009},
month={Aug},
pages={170-174},
}

@inproceedings{storage-system-security,
 author = {Riedel, Erik and Kallahalla, Mahesh and Swaminathan, Ram},
 title = "{A Framework for Evaluating Storage System Security}",
 booktitle = {Proceedings of the 1st USENIX Conference on File and Storage Technologies},
 series = {FAST '02},
 year = {2002},
 articleno = {2},
 publisher = {USENIX Association},
 address = {Berkeley, CA, USA},
} 

@article{failure-of-poisson,
 author = {Paxson, Vern and Floyd, Sally},
 title = "{Wide Area Traffic: The Failure of Poisson Modeling}",
 journal = {IEEE/ACM Transactions Networks},
 issue_date = {June 1995},
 volume = {3},
 number = {3},
 month = jun,
 year = {1995},
 pages = {226--244},
 numpages = {19},
 acmid = {208390},
 publisher = {IEEE Press},
 address = {Piscataway, NJ, USA},
} 

@inproceedings{search-for-invariants,
 author = {Arlitt, Martin F. and Williamson, Carey L.},
 title = "{Web Server Workload Characterization: The Search for Invariants}",
 booktitle = {Proceedings of the 1996 ACM SIGMETRICS International Conference on Measurement and Modeling of Computer Systems},
 series = {SIGMETRICS '96},
 year = {1996},
 location = {Philadelphia, Pennsylvania, USA},
 pages = {126--137},
 numpages = {12},
 publisher = {ACM},
 address = {New York, NY, USA},
} 

@inproceedings{building-highperf-dedup,
 author = {Guo, Fanglu and Efstathopoulos, Petros},
 title = "{Building a High-performance Deduplication System}",
 booktitle = {Proceedings of the 2011 USENIX Conference on USENIX Annual Technical Conference},
 series = {USENIX ATC'11},
 year = {2011},
 location = {Portland, OR},
 pages = {25--25},
 numpages = {1},
 publisher = {USENIX Association},
 address = {Berkeley, CA, USA},
} 

@inproceedings{vmdk-backups,
 author = {Smaldone, Stephen and Wallace, Grant and Hsu, Windsor},
 title = "{Efficiently Storing Virtual Machine Backups}",
 booktitle = {Proceedings of the 5th USENIX Conference on Hot Topics in Storage and File Systems},
 series = {HotStorage'13},
 year = {2013},
 location = {San Jose, CA},
 pages = {10--10},
 numpages = {1},
 publisher = {USENIX Association},
 address = {Berkeley, CA, USA},
}

@inproceedings{hysteresis-rechunking,
 author = {Zhou, Bing and Wen, Jiangtao},
 title = "{Hysteresis Re-chunking Based Metadata Harnessing Deduplication of Disk Images}",
 booktitle = {Proceedings of the 2013 42nd International Conference on Parallel Processing},
 series = {ICPP '13},
 year = {2013},
 pages = {389--398},
 numpages = {10},
 publisher = {IEEE Computer Society},
 address = {Washington, DC, USA},
} 

@inproceedings{lowcost-dedup-for-backup,
 author = {Zhang, Wei and Yang, Tao and Narayanasamy, Gautham and Tang, Hong},
 title = "{Low-cost Data Deduplication for Virtual Machine Backup in Cloud Storage}",
 booktitle = {Proceedings of the 5th USENIX Conference on Hot Topics in Storage and File Systems},
 series = {HotStorage'13},
 year = {2013},
 location = {San Jose, CA},
 pages = {12--12},
 numpages = {1},
 publisher = {USENIX Association},
 address = {Berkeley, CA, USA},
} 
 
